<record xmlns="http://www.loc.gov/MARC21/slim" xmlns:xsi="http://www.w3.org/2001/XMLSchema-instance" xsi:schemaLocation="http://www.loc.gov/MARC21/slim http://www.loc.gov/standards/marcxml/schema/MARC21slim.xsd"><leader>00000ncm a22009017i 4500</leader><controlfield tag="001">9790577024547</controlfield><controlfield tag="008">250523s2025    xxk||l   ||||||nn | zxx|c</controlfield><datafield ind1="2" ind2=" " tag="024"><subfield code="a">9790577024547</subfield></datafield><datafield ind1="0" ind2="1" tag="028"><subfield code="a">EP20010</subfield><subfield code="b">Edition Peters</subfield></datafield><datafield ind1="0" ind2=" " tag="041"><subfield code="a">zxx</subfield></datafield><datafield ind1=" " ind2=" " tag="084"><subfield code="a">78.61</subfield><subfield code="2">ykl</subfield></datafield><datafield ind1=" " ind2=" " tag="091"><subfield code="a">74</subfield></datafield><datafield ind1=" " ind2=" " tag="092"><subfield code="a">78.61</subfield></datafield><datafield ind1=" " ind2=" " tag="093"><subfield code="a">78.61</subfield></datafield><datafield ind1=" " ind2=" " tag="095"><subfield code="a">786.11</subfield></datafield><datafield ind1=" " ind2=" " tag="097"><subfield code="a">78.61</subfield></datafield><datafield ind1="1" ind2=" " tag="100"><subfield code="a">Mozart, Wolfgang Amadeus,</subfield><subfield code="e">s&#228;velt&#228;j&#228;</subfield></datafield><datafield ind1="1" ind2="0" tag="245"><subfield code="a">Meisterwerke am Klavier =</subfield><subfield code="b">Masterpieces for piano /</subfield><subfield code="c">Wolfgang Amad&#233; Mozart ; zusammengestellt von = compiled by Roland Erben</subfield></datafield><datafield ind1="3" ind2="1" tag="246"><subfield code="a">Masterpieces for piano</subfield></datafield><datafield ind1="1" ind2=" " tag="246"><subfield code="i">Alanimeke kannessa:</subfield><subfield code="a">Grundlegendes Klavierrepertoire im mittleren bis fortgeschrittenen Schwierigkeitsgrad =</subfield><subfield code="b">Essential repertoire for intermediate to advanced level pianists</subfield></datafield><datafield ind1=" " ind2="1" tag="264"><subfield code="a">London :</subfield><subfield code="b">Faber Music,</subfield><subfield code="c">[2025]</subfield></datafield><datafield ind1=" " ind2=" " tag="300"><subfield code="a">1 soolonuotti (141 sivua) ;</subfield><subfield code="c">31 cm</subfield></datafield><datafield ind1=" " ind2=" " tag="500"><subfield code="a">Piano, sormitusmerkkej&#228;. - Taidemusiikki</subfield></datafield><datafield ind1="0" ind2=" " tag="505"><subfield code="a">My&#246;s: Menuett in C-Dur ; Menuetto und Trio / Mozart</subfield></datafield><datafield ind1="8" ind2=" " tag="521"><subfield code="a">Taso: keskitaso, edistynyt taso</subfield></datafield><datafield ind1=" " ind2=" " tag="546"><subfield code="a">Soitinmusiikki</subfield></datafield><datafield ind1=" " ind2=" " tag="574"><subfield code="a">tommi.viitamies@hel.fi</subfield></datafield><datafield ind1=" " ind2="7" tag="648"><subfield code="a">1760-luku</subfield></datafield><datafield ind1=" " ind2="7" tag="648"><subfield code="a">1770-luku</subfield></datafield><datafield ind1=" " ind2="7" tag="648"><subfield code="a">1780-luku</subfield></datafield><datafield ind1=" " ind2="7" tag="648"><subfield code="a">1790-luku</subfield></datafield><datafield ind1=" " ind2="7" tag="650"><subfield code="a">taidemusiikki</subfield><subfield code="2">slm/fin</subfield><subfield code="0">http://urn.fi/URN:NBN:fi:au:slm:s474</subfield></datafield><datafield ind1=" " ind2="7" tag="650"><subfield code="a">soitinmusiikki</subfield></datafield><datafield ind1=" " ind2="7" tag="650"><subfield code="a">piano</subfield></datafield><datafield ind1=" " ind2="7" tag="651"><subfield code="a">It&#228;valta</subfield></datafield><datafield ind1="1" ind2="2" tag="700"><subfield code="a">Erben, Roland,</subfield><subfield code="e">kokoaja</subfield></datafield><datafield ind1="0" ind2=" " tag="730"><subfield code="a">Kontratanssit, piano, KV15h /</subfield><subfield code="g">Mozart, Wolfgang Amadeus</subfield></datafield><datafield ind1="0" ind2=" " tag="730"><subfield code="a">Menuetit, piano,KV2, F-duuri /</subfield><subfield code="g">Mozart, Wolfgang Amadeus</subfield></datafield><datafield ind1="0" ind2=" " tag="730"><subfield code="a">Menuetit, piano, KV15ff /</subfield><subfield code="g">Mozart, Wolfgang Amadeus</subfield></datafield><datafield ind1="0" ind2=" " tag="730"><subfield code="a">Menuetit, piano, KV1e=1, G-duuri /</subfield><subfield code="g">Mozart, Wolfgang Amadeus</subfield></datafield><datafield ind1="0" ind2=" " tag="730"><subfield code="a">Menuetit, piano, KV1f, C-duuri /</subfield><subfield code="g">Mozart, Wolfgang Amadeus</subfield></datafield><datafield ind1="0" ind2=" " tag="730"><subfield code="a">Kontratanssit, piano, KV15l /</subfield><subfield code="g">Mozart, Wolfgang Amadeus</subfield></datafield><datafield ind1="0" ind2=" " tag="730"><subfield code="a">Allegro, piano, KV3, B-duuri /</subfield><subfield code="g">Mozart, Wolfgang Amadeus</subfield></datafield><datafield ind1="0" ind2=" " tag="730"><subfield code="a">Menuetit, piano, KV15c /</subfield><subfield code="g">Mozart, Wolfgang Amadeus</subfield></datafield><datafield ind1="0" ind2=" " tag="730"><subfield code="a">Allegro, piano, KV15a /</subfield><subfield code="g">Mozart, Wolfgang Amadeus</subfield></datafield><datafield ind1="0" ind2=" " tag="730"><subfield code="a">Menuetit, piano, KV15pp /</subfield><subfield code="g">Mozart, Wolfgang Amadeus</subfield></datafield><datafield ind1="0" ind2=" " tag="730"><subfield code="a">Menuetit, piano, KV15qq /</subfield><subfield code="g">Mozart, Wolfgang Amadeus</subfield></datafield><datafield ind1="0" ind2=" " tag="730"><subfield code="a">Andante, piano, KV15mm /</subfield><subfield code="g">Mozart, Wolfgang Amadeus</subfield></datafield><datafield ind1="0" ind2=" " tag="730"><subfield code="a">Rondot, piano, KV15s /</subfield><subfield code="g">Mozart, Wolfgang Amadeus</subfield></datafield><datafield ind1="0" ind2=" " tag="730"><subfield code="a">Sonaatit, piano, KV15kk /</subfield><subfield code="g">Mozart, Wolfgang Amadeus</subfield></datafield><datafield ind1="0" ind2=" " tag="730"><subfield code="a">Giguet, piano, KV15z /</subfield><subfield code="g">Mozart, Wolfgang Amadeus</subfield></datafield><datafield ind1="0" ind2=" " tag="730"><subfield code="a">Menuetit, piano, KV315a.</subfield><subfield code="n">Nro 3,</subfield><subfield code="p">D-duuri /</subfield><subfield code="g">Mozart, Wolfgang Amadeus</subfield></datafield><datafield ind1="0" ind2=" " tag="730"><subfield code="a">Menuetit, piano, KV315a.</subfield><subfield code="n">Nro 4,</subfield><subfield code="p">C-duuri /</subfield><subfield code="g">Mozart, Wolfgang Amadeus</subfield></datafield><datafield ind1="0" ind2=" " tag="730"><subfield code="a">Sonaatit, piano, KV300h=330, C-duuri.</subfield><subfield code="p">Andante cantabile /</subfield><subfield code="g">Mozart, Wolfgang Amadeus</subfield></datafield><datafield ind1="0" ind2=" " tag="730"><subfield code="a">Andantino, piano (KV588b=236) /</subfield><subfield code="g">Mozart, Wolfgang Amadeus</subfield></datafield><datafield ind1="0" ind2=" " tag="730"><subfield code="a">Sarjat, piano, KV385i=399, C-duuri.</subfield><subfield code="p">Courante /</subfield><subfield code="g">Mozart, Wolfgang Amadeus</subfield></datafield><datafield ind1="0" ind2=" " tag="730"><subfield code="a">Fantasiat, piano, KV385g=397, d-molli /</subfield><subfield code="g">Mozart, Wolfgang Amadeus</subfield></datafield><datafield ind1="0" ind2=" " tag="730"><subfield code="a">Muunnelmat, piano, KV315d=264.</subfield><subfield code="p">Otteita /</subfield><subfield code="g">Mozart, Wolfgang Amadeus</subfield></datafield><datafield ind1="0" ind2=" " tag="730"><subfield code="a">Muunnelmat, piano, KV300f=353 /</subfield><subfield code="g">Mozart, Wolfgang Amadeus</subfield></datafield><datafield ind1="0" ind2=" " tag="730"><subfield code="a">Rondot, piano, KV511, a-molli /</subfield><subfield code="g">Mozart, Wolfgang Amadeus</subfield></datafield><datafield ind1="0" ind2=" " tag="730"><subfield code="a">Adagio, lasiharmonikka, KV617a=356, C-duuri;</subfield><subfield code="o">sov., piano /</subfield><subfield code="g">Mozart, Wolfgang Amadeus</subfield></datafield><datafield ind1="0" ind2=" " tag="730"><subfield code="a">Kleine Gigue, KV574, G-duuri /</subfield><subfield code="g">Mozart, Wolfgang Amadeus</subfield></datafield><datafield ind1="0" ind2=" " tag="730"><subfield code="a">Menuetit, piano, KV576b=355, D-duuri /</subfield><subfield code="g">Mozart, Wolfgang Amadeus</subfield></datafield><datafield ind1="0" ind2=" " tag="730"><subfield code="a">Adagio, piano, KV540, h-molli /</subfield><subfield code="g">Mozart, Wolfgang Amadeus</subfield></datafield><datafield ind1="0" ind2=" " tag="730"><subfield code="a">Rondot, piano, KV485, D-duuri /</subfield><subfield code="g">Mozart, Wolfgang Amadeus</subfield></datafield><datafield ind1="0" ind2=" " tag="730"><subfield code="a">Muunnelmat, piano, KV374c=352 /</subfield><subfield code="g">Mozart, Wolfgang Amadeus</subfield></datafield><datafield ind1="0" ind2=" " tag="730"><subfield code="a">Muunnelmat, piano, KV300e=265 /</subfield><subfield code="g">Mozart, Wolfgang Amadeus</subfield></datafield><datafield ind1="0" ind2=" " tag="730"><subfield code="a">Allegro, piano, KV590d, g-molli /</subfield><subfield code="g">Mozart, Wolfgang Amadeus</subfield></datafield><datafield ind1="0" ind2=" " tag="730"><subfield code="a">Muunnelmat, piano, KV573 /</subfield><subfield code="g">Mozart, Wolfgang Amadeus</subfield></datafield><datafield ind1="0" ind2=" " tag="730"><subfield code="a">Sonaatit, piano, KV545, C-duuri /</subfield><subfield code="g">Mozart, Wolfgang Amadeus</subfield></datafield><datafield ind1="0" ind2=" " tag="730"><subfield code="a">Sonaatit, piano, KV189e=280, F-duuri /</subfield><subfield code="g">Mozart, Wolfgang Amadeus</subfield></datafield><datafield ind1="0" ind2=" " tag="730"><subfield code="a">Sonaatit, piano, KV300i=331, A-duuri /</subfield><subfield code="g">Mozart, Wolfgang Amadeus</subfield></datafield><datafield ind1=" " ind2=" " tag="852"><subfield code="x">Helsingin luokanmuutos 7.5.2026</subfield></datafield></record>